[{"tid":12233,"date":1384045879,"type":"sell","price":860,"amount":1.68924761},{"tid":12234,"date":1384045888,"type":"sell","price":860,"amount":0.07775239},{"tid":12235,"date":1384045889,"type":"sell","price":850.00002,"amount":1.21224761},{"tid":12236,"date":1384045898,"type":"sell","price":850.00002,"amount":0.07775239},{"tid":12237,"date":1384045898,"type":"sell","price":850,"amount":0.4},{"tid":12238,"date":1384045898,"type":"sell","price":850,"amount":0.06192761},{"tid":12239,"date":1384045914,"type":"sell","price":850,"amount":0.07775239},{"tid":12240,"date":1384045915,"type":"sell","price":840.0001,"amount":1.00736825},{"tid":12241,"date":1384045966,"type":"sell","price":840,"amount":0.035},{"tid":12242,"date":1384045966,"type":"sell","price":840,"amount":0.035},{"tid":12243,"date":1384045966,"type":"sell","price":840,"amount":0.00501176},{"tid":12244,"date":1384046137,"type":"sell","price":840,"amount":1},{"tid":12245,"date":1384046247,"type":"sell","price":840,"amount":0.2},{"tid":12246,"date":1384046312,"type":"sell","price":840,"amount":0.00098824},{"tid":12247,"date":1384046312,"type":"sell","price":825,"amount":0.00901176},{"tid":12248,"date":1384046429,"type":"sell","price":825,"amount":0.009},{"tid":12249,"date":1384046507,"type":"sell","price":825,"amount":0.13456411},{"tid":12250,"date":1384046637,"type":"buy","price":825,"amount":0.06},{"tid":12251,"date":1384046711,"type":"buy","price":825,"amount":0.10543589},{"tid":12252,"date":1384046711,"type":"buy","price":900,"amount":0.43668377},{"tid":12253,"date":1384047114,"type":"sell","price":821.00021,"amount":0.1},{"tid":12254,"date":1384047114,"type":"sell","price":821.0002,"amount":0.99},{"tid":12255,"date":1384047114,"type":"sell","price":821,"amount":0.91},{"tid":12256,"date":1384047505,"type":"sell","price":821.00001,"amount":0.021},{"tid":12257,"date":1384047505,"type":"sell","price":821,"amount":0.09},{"tid":12258,"date":1384047595,"type":"sell","price":819,"amount":0.011},{"tid":12259,"date":1384047631,"type":"sell","price":801,"amount":3},{"tid":12260,"date":1384047699,"type":"sell","price":800,"amount":0.03947771},{"tid":12261,"date":1384048105,"type":"buy","price":868.9999,"amount":2.26},{"tid":12262,"date":1384048452,"type":"buy","price":868,"amount":0.088},{"tid":12263,"date":1384049032,"type":"sell","price":800.00011,"amount":0.01},{"tid":12264,"date":1384050158,"type":"sell","price":868,"amount":0.01},{"tid":12265,"date":1384050595,"type":"buy","price":867,"amount":0.07},{"tid":12266,"date":1384052231,"type":"buy","price":867,"amount":1.3},{"tid":12267,"date":1384053312,"type":"buy","price":867,"amount":0.06257168},{"tid":12268,"date":1384053312,"type":"buy","price":893,"amount":0.20953772},{"tid":12269,"date":1384053312,"type":"buy","price":898.9989,"amount":1.90871554},{"tid":12270,"date":1384054021,"type":"buy","price":898.9988,"amount":0.2215},{"tid":12271,"date":1384054897,"type":"buy","price":898.9987,"amount":0.0172023},{"tid":12272,"date":1384056177,"type":"sell","price":840,"amount":0.44},{"tid":12273,"date":1384056207,"type":"sell","price":840,"amount":0.86},{"tid":12274,"date":1384056287,"type":"buy","price":840,"amount":0.14},{"tid":12275,"date":1384057581,"type":"sell","price":811,"amount":0.8263},{"tid":12276,"date":1384057581,"type":"sell","price":800.00011,"amount":0.109},{"tid":12277,"date":1384057581,"type":"sell","price":800,"amount":0.09052229},{"tid":12278,"date":1384057581,"type":"sell","price":800,"amount":0.06578},{"tid":12279,"date":1384057581,"type":"sell","price":800,"amount":1.15500867},{"tid":12280,"date":1384057667,"type":"sell","price":800,"amount":0.05774133},{"tid":12281,"date":1384057814,"type":"sell","price":790,"amount":0.1},{"tid":12282,"date":1384057815,"type":"sell","price":760.00001,"amount":0.25},{"tid":12283,"date":1384059099,"type":"buy","price":800,"amount":0.04155867},{"tid":12284,"date":1384059229,"type":"buy","price":873.9999,"amount":0.1727689},{"tid":12285,"date":1384061383,"type":"sell","price":703.0001,"amount":0.64441383},{"tid":12286,"date":1384064005,"type":"sell","price":704.0001,"amount":3},{"tid":12287,"date":1384069064,"type":"buy","price":869.9979,"amount":0.94368044},{"tid":12288,"date":1384085341,"type":"buy","price":865,"amount":0.98703},{"tid":12289,"date":1384085490,"type":"buy","price":870,"amount":1.3},{"tid":12290,"date":1384085491,"type":"sell","price":865,"amount":1},{"tid":12291,"date":1384087483,"type":"buy","price":850,"amount":0.24334118},{"tid":12292,"date":1384090572,"type":"sell","price":831,"amount":0.2565},{"tid":12293,"date":1384096648,"type":"sell","price":840,"amount":0.1},{"tid":12294,"date":1384096878,"type":"sell","price":840,"amount":0.9},{"tid":12295,"date":1384097181,"type":"sell","price":832,"amount":0.03707468},{"tid":12296,"date":1384097345,"type":"buy","price":849,"amount":0.04711425},{"tid":12297,"date":1384097449,"type":"sell","price":832,"amount":0.2557305},{"tid":12298,"date":1384098191,"type":"sell","price":832,"amount":0.70719482},{"tid":12299,"date":1384098191,"type":"sell","price":831,"amount":0.10070493},{"tid":12300,"date":1384098191,"type":"sell","price":810.03,"amount":0.23},{"tid":12301,"date":1384098191,"type":"sell","price":800.001,"amount":0.09910025},{"tid":12302,"date":1384099015,"type":"sell","price":762,"amount":0.195621},{"tid":12303,"date":1384099115,"type":"sell","price":762,"amount":0.01990214},{"tid":12304,"date":1384099566,"type":"buy","price":815,"amount":0.09880295},{"tid":12305,"date":1384099566,"type":"buy","price":819,"amount":0.2},{"tid":12306,"date":1384099813,"type":"buy","price":818.9999,"amount":1.8},{"tid":12307,"date":1384102783,"type":"buy","price":839.9999,"amount":0.83333343},{"tid":12308,"date":1384102794,"type":"buy","price":839.9999,"amount":0.13732144},{"tid":12309,"date":1384103475,"type":"buy","price":838,"amount":0.06195575},{"tid":12310,"date":1384103511,"type":"sell","price":838,"amount":0.23804425},{"tid":12311,"date":1384107011,"type":"sell","price":834.9999,"amount":0.05},{"tid":12312,"date":1384107405,"type":"sell","price":834.9999,"amount":0.114},{"tid":12313,"date":1384110768,"type":"buy","price":834.99,"amount":0.11390556},{"tid":12314,"date":1384111995,"type":"buy","price":833,"amount":0.052},{"tid":12315,"date":1384112091,"type":"buy","price":834.99,"amount":0.3722895},{"tid":12316,"date":1384114153,"type":"buy","price":830,"amount":0.07250755},{"tid":12317,"date":1384117377,"type":"buy","price":830,"amount":0.00000137},{"tid":12318,"date":1384117620,"type":"buy","price":830,"amount":0.0006006},{"tid":12319,"date":1384120213,"type":"buy","price":830,"amount":0.14689048},{"tid":12320,"date":1384120213,"type":"buy","price":830,"amount":0.08578422},{"tid":12321,"date":1384121243,"type":"buy","price":830,"amount":0.05421578},{"tid":12322,"date":1384123780,"type":"buy","price":849.9994,"amount":0.99090882},{"tid":12323,"date":1384123781,"type":"buy","price":849.9995,"amount":1.50909118},{"tid":12324,"date":1384124221,"type":"buy","price":849.99949,"amount":0.00106177},{"tid":12325,"date":1384124530,"type":"sell","price":830.0001,"amount":0.21333369},{"tid":12326,"date":1384124741,"type":"buy","price":849.99947,"amount":1.67323636},{"tid":12327,"date":1384126593,"type":"buy","price":849.99947,"amount":0.3314774},{"tid":12328,"date":1384126593,"type":"buy","price":867,"amount":0.31},{"tid":12329,"date":1384126593,"type":"buy","price":869.9999,"amount":0.32651083},{"tid":12330,"date":1384129123,"type":"buy","price":870,"amount":0.07},{"tid":12331,"date":1384131363,"type":"buy","price":870,"amount":0.25176234},{"tid":12332,"date":1384133045,"type":"buy","price":870,"amount":0.56223766},{"tid":12333,"date":1384133046,"type":"buy","price":875,"amount":0.07868941},{"tid":12334,"date":1384133952,"type":"buy","price":874.9999,"amount":1.17561658},{"tid":12335,"date":1384134538,"type":"buy","price":874.9999,"amount":0.444731},{"tid":12336,"date":1384134594,"type":"sell","price":850,"amount":0.1},{"tid":12337,"date":1384137070,"type":"buy","price":874.9999,"amount":0.3084491},{"tid":12338,"date":1384137378,"type":"buy","price":874.9999,"amount":0.36541988},{"tid":12339,"date":1384139642,"type":"sell","price":852,"amount":0.5141316},{"tid":12340,"date":1384142605,"type":"buy","price":874.9999,"amount":0.00000376},{"tid":12341,"date":1384142838,"type":"buy","price":874.9999,"amount":0.09178287},{"tid":12342,"date":1384143389,"type":"buy","price":874.9999,"amount":0.2739027},{"tid":12343,"date":1384145387,"type":"buy","price":875,"amount":0.19576292},{"tid":12344,"date":1384148527,"type":"buy","price":875,"amount":0.09052571},{"tid":12345,"date":1384149497,"type":"buy","price":875,"amount":0.50834286},{"tid":12346,"date":1384152020,"type":"buy","price":875,"amount":0.1266791},{"tid":12347,"date":1384155326,"type":"buy","price":880,"amount":0.12961},{"tid":12348,"date":1384155326,"type":"buy","price":890,"amount":0.06558266},{"tid":12349,"date":1384155326,"type":"buy","price":905.0299,"amount":0.624},{"tid":12350,"date":1384155326,"type":"buy","price":905.03,"amount":0.047331},{"tid":12351,"date":1384160738,"type":"sell","price":888.888,"amount":0.1222},{"tid":12352,"date":1384160891,"type":"sell","price":850.0501,"amount":1.04},{"tid":12353,"date":1384163190,"type":"buy","price":856.16,"amount":0.05606429},{"tid":12354,"date":1384165278,"type":"buy","price":856.16,"amount":0.14393571},{"tid":12355,"date":1384165278,"type":"buy","price":863.9,"amount":0.04},{"tid":12356,"date":1384165278,"type":"buy","price":864.85,"amount":0.12},{"tid":12357,"date":1384165278,"type":"buy","price":867.08,"amount":0.19},{"tid":12358,"date":1384165278,"type":"buy","price":870.16,"amount":0.1},{"tid":12359,"date":1384165278,"type":"buy","price":878.03,"amount":0.01},{"tid":12360,"date":1384165279,"type":"buy","price":879.75,"amount":0.2},{"tid":12361,"date":1384165279,"type":"buy","price":887.43,"amount":0.0978},{"tid":12362,"date":1384165279,"type":"buy","price":894.8,"amount":0.07},{"tid":12363,"date":1384165279,"type":"buy","price":900.45,"amount":0.03531364},{"tid":12364,"date":1384166417,"type":"sell","price":850.0501,"amount":1},{"tid":12365,"date":1384167272,"type":"buy","price":900.45,"amount":0.26468636},{"tid":12366,"date":1384167272,"type":"buy","price":901.47,"amount":0.11},{"tid":12367,"date":1384167272,"type":"buy","price":905.03,"amount":0.182669},{"tid":12368,"date":1384167272,"type":"buy","price":908.81,"amount":0.02},{"tid":12369,"date":1384167273,"type":"buy","price":909.9999,"amount":0.47143339},{"tid":12370,"date":1384168476,"type":"buy","price":909.9999,"amount":0.21978024},{"tid":12371,"date":1384168532,"type":"buy","price":909.99998,"amount":0.31978023},{"tid":12372,"date":1384172175,"type":"sell","price":870,"amount":0.2},{"tid":12373,"date":1384172236,"type":"sell","price":850.0511,"amount":3},{"tid":12374,"date":1384172268,"type":"sell","price":850.051,"amount":0.5},{"tid":12375,"date":1384172268,"type":"sell","price":850.05,"amount":0.3},{"tid":12376,"date":1384173013,"type":"buy","price":909.9899,"amount":0.02581374},{"tid":12377,"date":1384173014,"type":"buy","price":909.9999,"amount":0.32874702},{"tid":12378,"date":1384173747,"type":"buy","price":908.9899,"amount":0.02581374},{"tid":12379,"date":1384173748,"type":"buy","price":908.9999,"amount":0.50994018},{"tid":12380,"date":1384173962,"type":"buy","price":906.99,"amount":0.02581374},{"tid":12381,"date":1384174526,"type":"buy","price":907,"amount":0.30794928},{"tid":12382,"date":1384174600,"type":"buy","price":907,"amount":0.20948181},{"tid":12383,"date":1384175081,"type":"buy","price":907,"amount":0.03804851},{"tid":12384,"date":1384175384,"type":"sell","price":906.99,"amount":0.501},{"tid":12385,"date":1384175520,"type":"buy","price":907,"amount":3.1},{"tid":12386,"date":1384175961,"type":"buy","price":907,"amount":1.3445204},{"tid":12387,"date":1384175962,"type":"buy","price":909,"amount":7},{"tid":12388,"date":1384175962,"type":"buy","price":909.97,"amount":2.43603635},{"tid":12389,"date":1384176031,"type":"buy","price":909.97,"amount":0.08777},{"tid":12390,"date":1384176354,"type":"buy","price":909.97,"amount":0.5747},{"tid":12391,"date":1384177823,"type":"buy","price":909.95,"amount":0.11039068},{"tid":12392,"date":1384178794,"type":"buy","price":909.94,"amount":0.0234905},{"tid":12393,"date":1384178794,"type":"buy","price":909.97,"amount":0.98355885},{"tid":12394,"date":1384179319,"type":"buy","price":909.96,"amount":0.089006},{"tid":12395,"date":1384179319,"type":"buy","price":909.97,"amount":0.4463423},{"tid":12396,"date":1384181115,"type":"buy","price":909.96,"amount":0.0234905},{"tid":12397,"date":1384181179,"type":"buy","price":909.97,"amount":0.287988},{"tid":12398,"date":1384183031,"type":"buy","price":909.96,"amount":0.04416215},{"tid":12399,"date":1384183031,"type":"buy","price":909.97,"amount":0.78501},{"tid":12400,"date":1384183031,"type":"buy","price":909.99989,"amount":0.2724274},{"tid":12401,"date":1384183032,"type":"buy","price":909.99998,"amount":0.04021977},{"tid":12402,"date":1384183032,"type":"buy","price":909.99999,"amount":0.52309865},{"tid":12403,"date":1384184423,"type":"buy","price":909.98999,"amount":0.04416215},{"tid":12404,"date":1384184424,"type":"buy","price":909.98999,"amount":0.24265419},{"tid":12405,"date":1384185354,"type":"buy","price":909.98999,"amount":0.44695513},{"tid":12406,"date":1384185376,"type":"buy","price":909.99999,"amount":2.47690135},{"tid":12407,"date":1384185418,"type":"buy","price":910,"amount":0.25},{"tid":12408,"date":1384185418,"type":"buy","price":910,"amount":0.125},{"tid":12409,"date":1384185418,"type":"buy","price":910,"amount":0.2199495},{"tid":12410,"date":1384185462,"type":"buy","price":910.67,"amount":0.1},{"tid":12411,"date":1384185503,"type":"buy","price":911,"amount":2.8},{"tid":12412,"date":1384185546,"type":"buy","price":914.08,"amount":0.01},{"tid":12413,"date":1384185582,"type":"buy","price":913.99,"amount":0.1676386},{"tid":12414,"date":1384185657,"type":"sell","price":881.0011,"amount":0.14719},{"tid":12415,"date":1384185749,"type":"buy","price":914.08,"amount":0.15753545},{"tid":12416,"date":1384186362,"type":"buy","price":914.08,"amount":0.11246455},{"tid":12417,"date":1384186580,"type":"buy","price":919.5,"amount":0.05013594},{"tid":12418,"date":1384186622,"type":"buy","price":919.5,"amount":0.07206406},{"tid":12419,"date":1384186622,"type":"buy","price":920,"amount":0.034895},{"tid":12420,"date":1384186622,"type":"buy","price":920,"amount":0.08897614},{"tid":12421,"date":1384186623,"type":"buy","price":920,"amount":0.02561566},{"tid":12422,"date":1384186942,"type":"buy","price":919.99,"amount":0.24},{"tid":12423,"date":1384186987,"type":"buy","price":919.99,"amount":0.5},{"tid":12424,"date":1384187271,"type":"sell","price":915,"amount":0.11117403},{"tid":12425,"date":1384187716,"type":"buy","price":914.99,"amount":0.03886269},{"tid":12426,"date":1384187716,"type":"buy","price":915,"amount":0.04982597},{"tid":12427,"date":1384187717,"type":"buy","price":919.99,"amount":0.26504647},{"tid":12428,"date":1384187717,"type":"buy","price":919.99,"amount":0.15478447},{"tid":12429,"date":1384188050,"type":"buy","price":919.98,"amount":0.03886269},{"tid":12430,"date":1384188050,"type":"buy","price":919.99,"amount":0.09437307},{"tid":12431,"date":1384188051,"type":"buy","price":925.666,"amount":0.12934992},{"tid":12432,"date":1384188068,"type":"buy","price":925.666,"amount":0.0551014},{"tid":12433,"date":1384188678,"type":"buy","price":925.656,"amount":0.03886269},{"tid":12434,"date":1384188678,"type":"buy","price":925.666,"amount":0.08423652},{"tid":12435,"date":1384188679,"type":"buy","price":930,"amount":0.53832482},{"tid":12436,"date":1384188679,"type":"buy","price":930,"amount":0.20801544},{"tid":12437,"date":1384188679,"type":"buy","price":940,"amount":0.06979},{"tid":12438,"date":1384188679,"type":"buy","price":943,"amount":0.13399002},{"tid":12439,"date":1384188921,"type":"buy","price":942.99,"amount":0.03886269},{"tid":12440,"date":1384188921,"type":"buy","price":942.99999,"amount":0.01415999},{"tid":12441,"date":1384189324,"type":"buy","price":935,"amount":0.67364},{"tid":12442,"date":1384190072,"type":"buy","price":934.98,"amount":0.02953564},{"tid":12443,"date":1384190073,"type":"buy","price":934.99,"amount":0.97046436},{"tid":12444,"date":1384191450,"type":"buy","price":928.99,"amount":0.02953564},{"tid":12445,"date":1384191450,"type":"buy","price":930,"amount":0.05617386},{"tid":12446,"date":1384192247,"type":"sell","price":910,"amount":0.11167902},{"tid":12447,"date":1384192875,"type":"sell","price":910,"amount":0.04404124},{"tid":12448,"date":1384193464,"type":"buy","price":910,"amount":0.01118531},{"tid":12449,"date":1384193465,"type":"buy","price":910.1,"amount":0.33268509},{"tid":12450,"date":1384193465,"type":"buy","price":920,"amount":0.02939638},{"tid":12451,"date":1384193742,"type":"buy","price":920,"amount":0.40110362},{"tid":12452,"date":1384193742,"type":"buy","price":925,"amount":0.60504833},{"tid":12453,"date":1384193968,"type":"buy","price":925,"amount":0.33495167},{"tid":12454,"date":1384193969,"type":"buy","price":932,"amount":0.23},{"tid":12455,"date":1384193969,"type":"buy","price":938,"amount":1.55698263},{"tid":12456,"date":1384194625,"type":"buy","price":935,"amount":0.09838626},{"tid":12457,"date":1384194625,"type":"buy","price":937.99999,"amount":0.21003076},{"tid":12458,"date":1384195056,"type":"buy","price":915,"amount":0.0437158},{"tid":12459,"date":1384195166,"type":"buy","price":915,"amount":0.0878074},{"tid":12460,"date":1384195799,"type":"sell","price":935,"amount":0.08732575},{"tid":12461,"date":1384196683,"type":"sell","price":935,"amount":0.04267425},{"tid":12462,"date":1384196687,"type":"buy","price":935,"amount":0.01299759},{"tid":12463,"date":1384196687,"type":"buy","price":937.899,"amount":0.00943306},{"tid":12464,"date":1384197034,"type":"buy","price":937.899,"amount":0.04595378},{"tid":12465,"date":1384197173,"type":"buy","price":937.899,"amount":0.51940561},{"tid":12466,"date":1384197233,"type":"sell","price":910,"amount":0.339777},{"tid":12467,"date":1384197358,"type":"buy","price":910,"amount":0.160223},{"tid":12468,"date":1384197359,"type":"buy","price":937.899,"amount":0.05032212},{"tid":12469,"date":1384197788,"type":"buy","price":937,"amount":0.06819637},{"tid":12470,"date":1384197948,"type":"buy","price":937,"amount":0.0149413},{"tid":12471,"date":1384198776,"type":"buy","price":937,"amount":0.02134472},{"tid":12472,"date":1384200439,"type":"sell","price":911,"amount":0.0485},{"tid":12473,"date":1384201254,"type":"buy","price":936.9999,"amount":0.14834594},{"tid":12474,"date":1384201736,"type":"buy","price":936.9999,"amount":0.70295399},{"tid":12475,"date":1384201737,"type":"buy","price":937,"amount":0.30409536},{"tid":12476,"date":1384203092,"type":"sell","price":930,"amount":0.13782689},{"tid":12477,"date":1384204819,"type":"buy","price":936.98,"amount":0.0483545},{"tid":12478,"date":1384204819,"type":"buy","price":936.99,"amount":0.36695461},{"tid":12479,"date":1384205574,"type":"sell","price":915.5,"amount":0.207536},{"tid":12480,"date":1384205765,"type":"buy","price":915.5,"amount":0.095464},{"tid":12481,"date":1384206313,"type":"buy","price":936.98,"amount":0.02186813},{"tid":12482,"date":1384208193,"type":"buy","price":936.98,"amount":0.07292762},{"tid":12483,"date":1384208193,"type":"buy","price":936.98999,"amount":2},{"tid":12484,"date":1384208194,"type":"buy","price":936.99,"amount":0.01599621},{"tid":12485,"date":1384208286,"type":"buy","price":936.99,"amount":0.01067247},{"tid":12486,"date":1384208941,"type":"buy","price":936.99,"amount":0.5199095},{"tid":12487,"date":1384214888,"type":"sell","price":915,"amount":0.00216415},{"tid":12488,"date":1384215741,"type":"sell","price":915,"amount":0.04985123},{"tid":12489,"date":1384218238,"type":"buy","price":936,"amount":0.25},{"tid":12490,"date":1384218445,"type":"sell","price":936,"amount":0.143177},{"tid":12491,"date":1384221265,"type":"buy","price":936.98999,"amount":1.81554768},{"tid":12492,"date":1384221757,"type":"sell","price":936,"amount":0.01483942},{"tid":12493,"date":1384224539,"type":"buy","price":936.98999,"amount":0.7316439},{"tid":12494,"date":1384225730,"type":"buy","price":936.98999,"amount":0.12806967},{"tid":12495,"date":1384225995,"type":"sell","price":936,"amount":0.01068376},{"tid":12496,"date":1384227681,"type":"buy","price":936.98999,"amount":0.02134495},{"tid":12497,"date":1384229942,"type":"buy","price":936.98999,"amount":0.08778109},{"tid":12498,"date":1384234598,"type":"buy","price":936.98999,"amount":0.00001021},{"tid":12499,"date":1384234657,"type":"buy","price":936.98999,"amount":0.2156025},{"tid":12500,"date":1384234657,"type":"buy","price":936.98999,"amount":0.0262031},{"tid":12501,"date":1384234657,"type":"buy","price":936.98999,"amount":1.0971551},{"tid":12502,"date":1384234712,"type":"buy","price":936.98999,"amount":0.09431264},{"tid":12503,"date":1384237471,"type":"buy","price":936.98999,"amount":0.58434151},{"tid":12504,"date":1384237471,"type":"buy","price":936.99,"amount":1.03387214},{"tid":12505,"date":1384239884,"type":"buy","price":936.99,"amount":0.03259507},{"tid":12506,"date":1384239884,"type":"buy","price":937,"amount":0.07059631},{"tid":12507,"date":1384240070,"type":"buy","price":937,"amount":0.62180383},{"tid":12508,"date":1384240114,"type":"buy","price":937.9,"amount":0.04340979},{"tid":12509,"date":1384240114,"type":"buy","price":938,"amount":0.80252721},{"tid":12510,"date":1384244046,"type":"buy","price":937.99,"amount":0.33049393},{"tid":12511,"date":1384244662,"type":"buy","price":937.99,"amount":0.11427627},{"tid":12512,"date":1384245155,"type":"buy","price":937.99,"amount":0.7552298},{"tid":12513,"date":1384245195,"type":"buy","price":938,"amount":0.87859256},{"tid":12514,"date":1384248419,"type":"buy","price":938,"amount":0.01888023},{"tid":12515,"date":1384248455,"type":"buy","price":940,"amount":1.77024208},{"tid":12516,"date":1384248636,"type":"buy","price":940,"amount":0.12357447},{"tid":12517,"date":1384248663,"type":"buy","price":940,"amount":0.20544681},{"tid":12518,"date":1384249767,"type":"buy","price":940,"amount":0.33},{"tid":12519,"date":1384250038,"type":"buy","price":940,"amount":0.262},{"tid":12520,"date":1384250545,"type":"buy","price":940,"amount":1.4},{"tid":12521,"date":1384251517,"type":"buy","price":940,"amount":0.51883198},{"tid":12522,"date":1384251816,"type":"buy","price":940,"amount":2.38990466},{"tid":12523,"date":1384253197,"type":"buy","price":950,"amount":0.01},{"tid":12524,"date":1384253197,"type":"buy","price":950,"amount":0.15596769},{"tid":12525,"date":1384253197,"type":"buy","price":950,"amount":0.03731652},{"tid":12526,"date":1384254226,"type":"buy","price":950,"amount":0.12613684},{"tid":12527,"date":1384254237,"type":"buy","price":950,"amount":0.33654664},{"tid":12528,"date":1384255130,"type":"buy","price":951.34587,"amount":0.10124538},{"tid":12529,"date":1384255130,"type":"buy","price":953.15,"amount":0.23},{"tid":12530,"date":1384255131,"type":"buy","price":958,"amount":2},{"tid":12531,"date":1384255131,"type":"buy","price":959.666,"amount":0.160166},{"tid":12532,"date":1384255131,"type":"buy","price":959.9,"amount":1},{"tid":12533,"date":1384255131,"type":"buy","price":960,"amount":0.5},{"tid":12534,"date":1384255131,"type":"buy","price":960,"amount":0.21357},{"tid":12535,"date":1384255131,"type":"buy","price":960,"amount":0.4},{"tid":12536,"date":1384255131,"type":"buy","price":961,"amount":0.01352758},{"tid":12537,"date":1384255131,"type":"buy","price":961,"amount":0.28},{"tid":12538,"date":1384255131,"type":"buy","price":969.99,"amount":0.2059228},{"tid":12539,"date":1384256530,"type":"buy","price":969.99,"amount":0.0420772},{"tid":12540,"date":1384256530,"type":"buy","price":969.99,"amount":0.19813146},{"tid":12541,"date":1384256584,"type":"buy","price":969.99,"amount":0.79486854},{"tid":12542,"date":1384256584,"type":"buy","price":970,"amount":0.00036646},{"tid":12543,"date":1384256912,"type":"buy","price":970,"amount":0.10309278},{"tid":12544,"date":1384257316,"type":"buy","price":970,"amount":0.04752577},{"tid":12545,"date":1384257522,"type":"buy","price":970,"amount":0.34901499},{"tid":12546,"date":1384257522,"type":"buy","price":970.1,"amount":0.1},{"tid":12547,"date":1384257522,"type":"buy","price":975,"amount":0.07225175},{"tid":12548,"date":1384257615,"type":"sell","price":950,"amount":0.00213652},{"tid":12549,"date":1384260334,"type":"buy","price":974.97,"amount":0.01969083},{"tid":12550,"date":1384260334,"type":"buy","price":974.98,"amount":1.55975716},{"tid":12551,"date":1384261287,"type":"buy","price":974.97,"amount":0.01850938},{"tid":12552,"date":1384261287,"type":"buy","price":974.98,"amount":0.29062536},{"tid":12553,"date":1384262570,"type":"buy","price":974.97,"amount":0.01850938},{"tid":12554,"date":1384262570,"type":"buy","price":974.98,"amount":0.08196467},{"tid":12555,"date":1384263657,"type":"buy","price":961,"amount":0.04798127},{"tid":12556,"date":1384264067,"type":"buy","price":961,"amount":0.70201873},{"tid":12557,"date":1384264186,"type":"buy","price":974.8,"amount":0.5},{"tid":12558,"date":1384264186,"type":"buy","price":974.97,"amount":0.01292347},{"tid":12559,"date":1384264193,"type":"buy","price":974.8,"amount":0.2},{"tid":12560,"date":1384264193,"type":"buy","price":974.97,"amount":0.00558591},{"tid":12561,"date":1384264193,"type":"buy","price":974.98,"amount":0.29410235},{"tid":12562,"date":1384265983,"type":"sell","price":960.0000001,"amount":0.0424375},{"tid":12563,"date":1384265983,"type":"sell","price":960,"amount":0.01188045},{"tid":12564,"date":1384266961,"type":"buy","price":974.9,"amount":0.12368448},{"tid":12565,"date":1384268034,"type":"sell","price":950,"amount":0.1075999},{"tid":12566,"date":1384268034,"type":"sell","price":950,"amount":0.04},{"tid":12567,"date":1384268929,"type":"sell","price":943,"amount":0.15898597},{"tid":12568,"date":1384269344,"type":"buy","price":966,"amount":0.01184481},{"tid":12569,"date":1384269345,"type":"buy","price":974.98,"amount":0.14672579},{"tid":12570,"date":1384269345,"type":"buy","price":975,"amount":0.35436226},{"tid":12571,"date":1384269424,"type":"buy","price":975,"amount":0.75094359},{"tid":12572,"date":1384270100,"type":"buy","price":969,"amount":0.14872033},{"tid":12573,"date":1384271296,"type":"buy","price":969,"amount":0.60388029},{"tid":12574,"date":1384271773,"type":"buy","price":969,"amount":0.09979948},{"tid":12575,"date":1384271805,"type":"buy","price":974,"amount":0.15850901},{"tid":12576,"date":1384271860,"type":"buy","price":975,"amount":0.2421092},{"tid":12577,"date":1384272186,"type":"buy","price":975,"amount":8.65258495},{"tid":12578,"date":1384274034,"type":"buy","price":975.99,"amount":0.0177163},{"tid":12579,"date":1384274129,"type":"sell","price":975.99,"amount":0.13269012},{"tid":12580,"date":1384274191,"type":"buy","price":979.99999,"amount":0.15706123},{"tid":12581,"date":1384275063,"type":"buy","price":976,"amount":0.15368852},{"tid":12582,"date":1384275085,"type":"buy","price":976,"amount":0.27213174},{"tid":12583,"date":1384275085,"type":"buy","price":979,"amount":0.21824178},{"tid":12584,"date":1384275085,"type":"buy","price":979.99999,"amount":0.04293877},{"tid":12585,"date":1384275085,"type":"buy","price":980,"amount":0.16428571},{"tid":12586,"date":1384275085,"type":"buy","price":980,"amount":0.50819462},{"tid":12587,"date":1384275281,"type":"sell","price":975.99,"amount":0.00570842},{"tid":12588,"date":1384275523,"type":"buy","price":960,"amount":0.02564947},{"tid":12589,"date":1384275625,"type":"buy","price":980,"amount":0.08192602},{"tid":12590,"date":1384275654,"type":"buy","price":980,"amount":0.05915623},{"tid":12591,"date":1384276919,"type":"buy","price":979.98,"amount":0.009},{"tid":12592,"date":1384277194,"type":"buy","price":979.99,"amount":0.0177163},{"tid":12593,"date":1384277195,"type":"buy","price":980,"amount":0.10854919},{"tid":12594,"date":1384278447,"type":"buy","price":979.99,"amount":0.0177163},{"tid":12595,"date":1384279144,"type":"sell","price":979.99,"amount":0.0832837},{"tid":12596,"date":1384279506,"type":"buy","price":979.98,"amount":0.01452737},{"tid":12597,"date":1384279506,"type":"buy","price":979.99,"amount":0.04388948},{"tid":12598,"date":1384279506,"type":"buy","price":980,"amount":0.24217394},{"tid":12599,"date":1384279569,"type":"buy","price":984.99999,"amount":0.1},{"tid":12600,"date":1384279569,"type":"buy","price":985,"amount":0.59965313},{"tid":12601,"date":1384279570,"type":"buy","price":985,"amount":0.05},{"tid":12602,"date":1384279570,"type":"buy","price":986.2,"amount":0.0109755},{"tid":12603,"date":1384279570,"type":"buy","price":987.99,"amount":0.25425119},{"tid":12604,"date":1384280263,"type":"buy","price":987.9,"amount":1.98127341},{"tid":12605,"date":1384280516,"type":"buy","price":987.9,"amount":1.22626657},{"tid":12606,"date":1384280595,"type":"sell","price":980,"amount":0.29},{"tid":12607,"date":1384280595,"type":"sell","price":960,"amount":0.05114828},{"tid":12608,"date":1384280595,"type":"sell","price":950,"amount":0.103417},{"tid":12609,"date":1384280595,"type":"sell","price":944,"amount":0.168},{"tid":12610,"date":1384280595,"type":"sell","price":942.1101,"amount":0.3},{"tid":12611,"date":1384280596,"type":"sell","price":936.0001,"amount":3},{"tid":12612,"date":1384280596,"type":"sell","price":936,"amount":0.04429982},{"tid":12613,"date":1384280596,"type":"sell","price":936,"amount":0.29},{"tid":12614,"date":1384280596,"type":"sell","price":936,"amount":0.01},{"tid":12615,"date":1384280596,"type":"sell","price":915,"amount":0.05193478},{"tid":12616,"date":1384280596,"type":"sell","price":911.111,"amount":0.264},{"tid":12617,"date":1384280596,"type":"sell","price":908,"amount":0.15},{"tid":12618,"date":1384280596,"type":"sell","price":907,"amount":0.02294893},{"tid":12619,"date":1384282107,"type":"buy","price":940,"amount":0.0137},{"tid":12620,"date":1384282249,"type":"buy","price":939.99,"amount":0.01452737},{"tid":12621,"date":1384282346,"type":"buy","price":940,"amount":0.0184},{"tid":12622,"date":1384282407,"type":"buy","price":940,"amount":0.00256138},{"tid":12623,"date":1384282615,"type":"buy","price":950,"amount":0.84210526},{"tid":12624,"date":1384282737,"type":"buy","price":938,"amount":0.4},{"tid":12625,"date":1384282772,"type":"buy","price":938,"amount":1.6},{"tid":12626,"date":1384282848,"type":"buy","price":939.99,"amount":0.01452737},{"tid":12627,"date":1384283218,"type":"buy","price":950,"amount":0.05263158},{"tid":12628,"date":1384283219,"type":"buy","price":950,"amount":0.45736842},{"tid":12629,"date":1384283262,"type":"buy","price":980.9999,"amount":0.0246569},{"tid":12630,"date":1384283271,"type":"sell","price":950,"amount":0.05263158},{"tid":12631,"date":1384283358,"type":"buy","price":945,"amount":0.09946187},{"tid":12632,"date":1384283694,"type":"buy","price":945,"amount":1.4},{"tid":12633,"date":1384283847,"type":"buy","price":945,"amount":0.4},{"tid":12634,"date":1384283910,"type":"buy","price":945,"amount":1.00704935},{"tid":12635,"date":1384284673,"type":"sell","price":940,"amount":0.102},{"tid":12636,"date":1384284749,"type":"buy","price":944.99,"amount":0.4},{"tid":12637,"date":1384286075,"type":"buy","price":943.99,"amount":0.62382017},{"tid":12638,"date":1384286886,"type":"buy","price":940,"amount":0.3},{"tid":12639,"date":1384287183,"type":"buy","price":940,"amount":0.53},{"tid":12640,"date":1384287899,"type":"buy","price":940,"amount":0.2389},{"tid":12641,"date":1384288018,"type":"buy","price":940,"amount":0.5670212},{"tid":12642,"date":1384288194,"type":"buy","price":940,"amount":0.30971276},{"tid":12643,"date":1384288584,"type":"buy","price":940,"amount":0.011},{"tid":12644,"date":1384288692,"type":"buy","price":940,"amount":0.0106383},{"tid":12645,"date":1384289304,"type":"buy","price":939.99,"amount":1.77},{"tid":12646,"date":1384289384,"type":"sell","price":929.1,"amount":0.010975},{"tid":12647,"date":1384289766,"type":"sell","price":916.01001,"amount":0.122},{"tid":12648,"date":1384289780,"type":"sell","price":916.01,"amount":2},{"tid":12649,"date":1384289791,"type":"sell","price":916,"amount":2.13679039},{"tid":12650,"date":1384289802,"type":"sell","price":911,"amount":0.05},{"tid":12651,"date":1384289817,"type":"sell","price":908,"amount":0.0101},{"tid":12652,"date":1384289818,"type":"sell","price":908,"amount":0.0112},{"tid":12653,"date":1384289819,"type":"buy","price":939.99,"amount":0.95320163},{"tid":12654,"date":1384289829,"type":"sell","price":907,"amount":0.17705107},{"tid":12655,"date":1384289840,"type":"sell","price":929.5,"amount":2.6199},{"tid":12656,"date":1384289840,"type":"sell","price":906,"amount":0.3801},{"tid":12657,"date":1384289853,"type":"sell","price":920,"amount":0.385},{"tid":12658,"date":1384289865,"type":"sell","price":906,"amount":2.6199},{"tid":12659,"date":1384289900,"type":"sell","price":905,"amount":1},{"tid":12660,"date":1384289900,"type":"sell","price":905,"amount":1.009},{"tid":12661,"date":1384289958,"type":"sell","price":903,"amount":0.16359549},{"tid":12662,"date":1384290665,"type":"buy","price":939,"amount":0.27874334},{"tid":12663,"date":1384291060,"type":"buy","price":935,"amount":0.1091378},{"tid":12664,"date":1384291901,"type":"buy","price":934.99,"amount":0.1021203},{"tid":12665,"date":1384294175,"type":"sell","price":902.00002,"amount":0.01},{"tid":12666,"date":1384294765,"type":"buy","price":934.99,"amount":0.21711462},{"tid":12667,"date":1384295414,"type":"sell","price":934,"amount":0.57},{"tid":12668,"date":1384295688,"type":"buy","price":933,"amount":1.48950453},{"tid":12669,"date":1384296680,"type":"buy","price":933,"amount":0.05359057},{"tid":12670,"date":1384296957,"type":"sell","price":929,"amount":0.11799},{"tid":12671,"date":1384297025,"type":"buy","price":933,"amount":0.16933903},{"tid":12672,"date":1384297154,"type":"buy","price":933,"amount":0.5359056},{"tid":12673,"date":1384297727,"type":"buy","price":933,"amount":0.2},{"tid":12674,"date":1384298791,"type":"sell","price":929,"amount":0.44881},{"tid":12675,"date":1384298791,"type":"sell","price":903.2101,"amount":0.55119},{"tid":12676,"date":1384300577,"type":"buy","price":933,"amount":0.31203644},{"tid":12677,"date":1384302708,"type":"buy","price":933,"amount":0.32154341},{"tid":12678,"date":1384303129,"type":"buy","price":933,"amount":0.59375881},{"tid":12679,"date":1384303129,"type":"buy","price":935,"amount":0.08},{"tid":12680,"date":1384303129,"type":"buy","price":947,"amount":0.14379204},{"tid":12681,"date":1384303129,"type":"buy","price":954.99,"amount":4.38702174},{"tid":12682,"date":1384303130,"type":"buy","price":955,"amount":1.99794296},{"tid":12683,"date":1384303130,"type":"buy","price":959,"amount":0.01},{"tid":12684,"date":1384303130,"type":"buy","price":969.999,"amount":1.60322568},{"tid":12685,"date":1384303130,"type":"buy","price":970,"amount":0.383845},{"tid":12686,"date":1384303130,"type":"buy","price":974,"amount":1.95113716},{"tid":12687,"date":1384303161,"type":"buy","price":974,"amount":0.10267967},{"tid":12688,"date":1384304187,"type":"buy","price":974,"amount":0.09919436},{"tid":12689,"date":1384304189,"type":"sell","price":910.0001,"amount":0.02559669},{"tid":12690,"date":1384313064,"type":"buy","price":973.98,"amount":0.01996807},{"tid":12691,"date":1384313064,"type":"buy","price":973.99,"amount":0.02059529},{"tid":12692,"date":1384313370,"type":"buy","price":973.99,"amount":0.00064734},{"tid":12693,"date":1384313370,"type":"buy","price":974,"amount":0.0105539},{"tid":12694,"date":1384320835,"type":"buy","price":973.5,"amount":0.01103236},{"tid":12695,"date":1384329955,"type":"buy","price":967,"amount":1.006},{"tid":12696,"date":1384336814,"type":"buy","price":965,"amount":0.2},{"tid":12697,"date":1384340216,"type":"buy","price":973.49999,"amount":0.12785824},{"tid":12698,"date":1384340889,"type":"sell","price":970,"amount":0.119},{"tid":12699,"date":1384341070,"type":"buy","price":970,"amount":0.12406686},{"tid":12700,"date":1384341071,"type":"buy","price":972.5,"amount":0.1631047},{"tid":12701,"date":1384341071,"type":"buy","price":973.49999,"amount":0.07214176},{"tid":12702,"date":1384341071,"type":"buy","price":973.5,"amount":0.08866764},{"tid":12703,"date":1384341071,"type":"buy","price":974,"amount":0.57748242},{"tid":12704,"date":1384341455,"type":"buy","price":973.99,"amount":0.01876999},{"tid":12705,"date":1384341456,"type":"buy","price":974,"amount":0.048684},{"tid":12706,"date":1384343830,"type":"buy","price":973.99,"amount":0.01876999},{"tid":12707,"date":1384343831,"type":"buy","price":974,"amount":0.21026849},{"tid":12708,"date":1384343831,"type":"buy","price":975.5,"amount":0.17651992},{"tid":12709,"date":1384343831,"type":"buy","price":975.9,"amount":0.09414031},{"tid":12710,"date":1384344284,"type":"buy","price":975.89,"amount":0.01876999},{"tid":12711,"date":1384344284,"type":"buy","price":975.9,"amount":0.43214969},{"tid":12712,"date":1384344284,"type":"buy","price":976,"amount":4.54908032},{"tid":12713,"date":1384345070,"type":"buy","price":976,"amount":0.45091968},{"tid":12714,"date":1384345070,"type":"buy","price":978,"amount":0.10997078},{"tid":12715,"date":1384345139,"type":"buy","price":978,"amount":0.39789366},{"tid":12716,"date":1384345428,"type":"buy","price":978,"amount":0.11158899},{"tid":12717,"date":1384345428,"type":"buy","price":979.9,"amount":1},{"tid":12718,"date":1384345428,"type":"buy","price":980,"amount":0.3173712},{"tid":12719,"date":1384345428,"type":"buy","price":980,"amount":0.16815366},{"tid":12720,"date":1384345428,"type":"buy","price":980.99,"amount":0.02},{"tid":12721,"date":1384345428,"type":"buy","price":981.2323,"amount":0.010975},{"tid":12722,"date":1384345428,"type":"buy","price":983.666,"amount":0.167496},{"tid":12723,"date":1384345429,"type":"buy","price":984.9698,"amount":0.0136041},{"tid":12724,"date":1384345429,"type":"buy","price":984.98,"amount":0.09837547},{"tid":12725,"date":1384345429,"type":"buy","price":985,"amount":0.05940721},{"tid":12726,"date":1384345429,"type":"buy","price":985,"amount":0.03988},{"tid":12727,"date":1384345429,"type":"buy","price":985.3,"amount":0.29},{"tid":12728,"date":1384345429,"type":"buy","price":986,"amount":0.05226316},{"tid":12729,"date":1384345429,"type":"buy","price":987.8899,"amount":0.02288008},{"tid":12730,"date":1384345429,"type":"buy","price":987.89,"amount":1.69253235},{"tid":12731,"date":1384345629,"type":"buy","price":987.88,"amount":0.01876999},{"tid":12732,"date":1384345630,"type":"buy","price":987.89,"amount":0.11612376},{"tid":12733,"date":1384345815,"type":"buy","price":987.89,"amount":0.24509307},{"tid":12734,"date":1384345860,"type":"buy","price":987.88,"amount":0.01876999},{"tid":12735,"date":1384345860,"type":"buy","price":987.89,"amount":0.0778199},{"tid":12736,"date":1384346367,"type":"sell","price":979,"amount":1.8},{"tid":12737,"date":1384346662,"type":"buy","price":979,"amount":0.0134},{"tid":12738,"date":1384346662,"type":"buy","price":987.89,"amount":1.96801405},{"tid":12739,"date":1384347248,"type":"buy","price":987.88,"amount":0.01876999},{"tid":12740,"date":1384347248,"type":"buy","price":987.9,"amount":0.4743471},{"tid":12741,"date":1384348058,"type":"buy","price":987.89,"amount":0.01876999},{"tid":12742,"date":1384348059,"type":"buy","price":987.9,"amount":0.39123001},{"tid":12743,"date":1384349254,"type":"sell","price":978.0000001,"amount":0.01022495},{"tid":12744,"date":1384349254,"type":"sell","price":978,"amount":0.4804458},{"tid":12745,"date":1384349325,"type":"sell","price":976.0000001,"amount":0.0102459},{"tid":12746,"date":1384349326,"type":"sell","price":976,"amount":1.1897541},{"tid":12747,"date":1384349470,"type":"sell","price":976,"amount":0.01},{"tid":12748,"date":1384349480,"type":"sell","price":976,"amount":0.0002459},{"tid":12749,"date":1384349480,"type":"sell","price":972,"amount":0.3997541},{"tid":12750,"date":1384349534,"type":"sell","price":972,"amount":0.0092459},{"tid":12751,"date":1384349534,"type":"sell","price":970,"amount":4.8900541},{"tid":12752,"date":1384350250,"type":"sell","price":970.00001,"amount":2},{"tid":12753,"date":1384350250,"type":"sell","price":970,"amount":8},{"tid":12754,"date":1384350594,"type":"sell","price":970,"amount":0.01655417},{"tid":12755,"date":1384351074,"type":"buy","price":979,"amount":0.1},{"tid":12756,"date":1384351074,"type":"buy","price":986,"amount":0.45536625},{"tid":12757,"date":1384351175,"type":"buy","price":987.89,"amount":0.01876999},{"tid":12758,"date":1384351175,"type":"buy","price":987.9,"amount":0.72017139},{"tid":12759,"date":1384351220,"type":"buy","price":987.9,"amount":0.4635384},{"tid":12760,"date":1384351562,"type":"buy","price":987.89,"amount":0.01876999},{"tid":12761,"date":1384351610,"type":"buy","price":987.9,"amount":0.23580497},{"tid":12762,"date":1384351610,"type":"buy","price":987.9,"amount":0.27219179},{"tid":12763,"date":1384351616,"type":"buy","price":987.9,"amount":0.72780821},{"tid":12764,"date":1384351665,"type":"buy","price":990,"amount":0.5},{"tid":12765,"date":1384351665,"type":"buy","price":990,"amount":0.29719192},{"tid":12766,"date":1384351939,"type":"buy","price":990,"amount":0.00200778},{"tid":12767,"date":1384352069,"type":"buy","price":992.97,"amount":0.01876999},{"tid":12768,"date":1384352214,"type":"buy","price":992.98,"amount":0.32305},{"tid":12769,"date":1384352216,"type":"sell","price":992.98,"amount":0.01876999},{"tid":12770,"date":1384352598,"type":"buy","price":993,"amount":0.36013466},{"tid":12771,"date":1384352598,"type":"buy","price":994.98499,"amount":0.01876999},{"tid":12772,"date":1384352598,"type":"buy","price":994.99499,"amount":0.4},{"tid":12773,"date":1384352631,"type":"buy","price":995,"amount":0.105},{"tid":12774,"date":1384352767,"type":"buy","price":995,"amount":0.04910159},{"tid":12775,"date":1384352767,"type":"buy","price":995,"amount":0.33369597},{"tid":12776,"date":1384352767,"type":"buy","price":995.84,"amount":0.39439753},{"tid":12777,"date":1384352929,"type":"buy","price":999,"amount":0.00042392},{"tid":12778,"date":1384355016,"type":"sell","price":997,"amount":1},{"tid":12779,"date":1384355158,"type":"buy","price":999,"amount":0.02502269},{"tid":12780,"date":1384355158,"type":"buy","price":999,"amount":0.02},{"tid":12781,"date":1384355158,"type":"buy","price":999.999,"amount":0.05502239},{"tid":12782,"date":1384355427,"type":"buy","price":999.999,"amount":0.83750084},{"tid":12783,"date":1384355674,"type":"buy","price":999.999,"amount":0.17045164},{"tid":12784,"date":1384355674,"type":"buy","price":1000,"amount":0.14973943},{"tid":12785,"date":1384355674,"type":"buy","price":1000,"amount":0.17980893},{"tid":12786,"date":1384355996,"type":"buy","price":1000,"amount":0.21118854},{"tid":12787,"date":1384355996,"type":"buy","price":1000,"amount":0.3},{"tid":12788,"date":1384355996,"type":"buy","price":1000,"amount":0.46601146},{"tid":12789,"date":1384356024,"type":"buy","price":1000,"amount":15.53398854},{"tid":12790,"date":1384356024,"type":"buy","price":1000,"amount":0.118643},{"tid":12791,"date":1384356024,"type":"buy","price":1000,"amount":0.10237113},{"tid":12792,"date":1384356167,"type":"buy","price":1009.9,"amount":0.19516186},{"tid":12793,"date":1384356236,"type":"buy","price":1000,"amount":0.276334},{"tid":12794,"date":1384356315,"type":"buy","price":1000,"amount":0.023666},{"tid":12795,"date":1384356415,"type":"buy","price":1009.9,"amount":0.64},{"tid":12796,"date":1384356615,"type":"buy","price":1009.9,"amount":0.05},{"tid":12797,"date":1384356626,"type":"buy","price":1009.9,"amount":0.09703931},{"tid":12798,"date":1384356869,"type":"buy","price":1009.9,"amount":0.01779883},{"tid":12799,"date":1384356869,"type":"buy","price":1010,"amount":1.40220117},{"tid":12800,"date":1384357259,"type":"buy","price":1010,"amount":0.01779883},{"tid":12801,"date":1384357259,"type":"buy","price":1046.5,"amount":0.11859836},{"tid":12802,"date":1384357559,"type":"buy","price":1046.38,"amount":0.01146811},{"tid":12803,"date":1384357699,"type":"buy","price":1046.37,"amount":0.18264094},{"tid":12804,"date":1384357752,"type":"sell","price":1001,"amount":0.659},{"tid":12805,"date":1384357925,"type":"buy","price":1044,"amount":1.34099617},{"tid":12806,"date":1384357950,"type":"sell","price":1001.0000001,"amount":0.21478521},{"tid":12807,"date":1384357951,"type":"sell","price":1001,"amount":0.28521479},{"tid":12808,"date":1384358217,"type":"buy","price":1035,"amount":0.11996135},{"tid":12809,"date":1384358356,"type":"sell","price":1002,"amount":0.2},{"tid":12810,"date":1384358371,"type":"sell","price":1002,"amount":0.1},{"tid":12811,"date":1384358418,"type":"sell","price":1001.0000001,"amount":0.2},{"tid":12812,"date":1384358446,"type":"sell","price":1002.01,"amount":0.01928313},{"tid":12813,"date":1384358446,"type":"sell","price":1002,"amount":0.18071687},{"tid":12814,"date":1384358468,"type":"sell","price":1002.02,"amount":0.11928313},{"tid":12815,"date":1384358489,"type":"sell","price":1002.02,"amount":0.08071687},{"tid":12816,"date":1384358506,"type":"sell","price":1002,"amount":0.11928313},{"tid":12817,"date":1384358567,"type":"buy","price":1034.9,"amount":0.0251232},{"tid":12818,"date":1384358672,"type":"sell","price":1003,"amount":0.2},{"tid":12819,"date":1384358741,"type":"sell","price":1010,"amount":0.32326},{"tid":12820,"date":1384358997,"type":"buy","price":1031.88,"amount":0.58534907},{"tid":12821,"date":1384359416,"type":"buy","price":1031.8659,"amount":0.7},{"tid":12822,"date":1384359461,"type":"buy","price":1031.8659,"amount":0.092},{"tid":12823,"date":1384359516,"type":"buy","price":1030,"amount":0.03},{"tid":12824,"date":1384359867,"type":"sell","price":1001.0000001,"amount":0.0044622},{"tid":12825,"date":1384359909,"type":"sell","price":996,"amount":0.009},{"tid":12826,"date":1384360031,"type":"sell","price":1027,"amount":0.01679045},{"tid":12827,"date":1384360040,"type":"buy","price":1027,"amount":0.23576436},{"tid":12828,"date":1384360240,"type":"buy","price":1027,"amount":0.14352483},{"tid":12829,"date":1384360666,"type":"buy","price":1026.9699,"amount":0.10215489},{"tid":12830,"date":1384360790,"type":"buy","price":1026.9699,"amount":0.08666272},{"tid":12831,"date":1384361803,"type":"buy","price":1026,"amount":0.26506307},{"tid":12832,"date":1384361803,"type":"buy","price":1026.94,"amount":0.74198628},{"tid":12833,"date":1384362014,"type":"sell","price":996,"amount":0.01965},{"tid":12834,"date":1384362326,"type":"buy","price":1027,"amount":0.24714826},{"tid":12835,"date":1384362327,"type":"buy","price":1030,"amount":1.74901819},{"tid":12836,"date":1384362627,"type":"buy","price":1030,"amount":0.78480755},{"tid":12837,"date":1384362627,"type":"buy","price":1031.9,"amount":3.23118015},{"tid":12838,"date":1384362627,"type":"buy","price":1043.9995,"amount":0.53383332},{"tid":12839,"date":1384362628,"type":"buy","price":1044,"amount":0.37709934},{"tid":12840,"date":1384362851,"type":"buy","price":1044,"amount":0.04190449},{"tid":12841,"date":1384362852,"type":"buy","price":1044,"amount":0.02075041},{"tid":12842,"date":1384362852,"type":"buy","price":1044.99999,"amount":0.00821845},{"tid":12843,"date":1384362885,"type":"buy","price":1044.99999,"amount":0.09178155},{"tid":12844,"date":1384362885,"type":"buy","price":1045,"amount":0.09302228},{"tid":12845,"date":1384362989,"type":"buy","price":1045,"amount":0.18480383},{"tid":12846,"date":1384363114,"type":"buy","price":1045,"amount":0.09101435},{"tid":12847,"date":1384363251,"type":"buy","price":1045,"amount":1.40223923},{"tid":12848,"date":1384363355,"type":"buy","price":1045,"amount":1.22892031},{"tid":12849,"date":1384363355,"type":"buy","price":1046.38,"amount":4.98853189},{"tid":12850,"date":1384363355,"type":"buy","price":1047,"amount":7.636942},{"tid":12851,"date":1384363425,"type":"buy","price":1047,"amount":0.363058},{"tid":12852,"date":1384363788,"type":"buy","price":1073,"amount":0.00000698},{"tid":12853,"date":1384364055,"type":"buy","price":1073,"amount":0.13104411},{"tid":12854,"date":1384364055,"type":"buy","price":1073,"amount":0.00882541},{"tid":12855,"date":1384364920,"type":"buy","price":1075,"amount":0.27190332},{"tid":12856,"date":1384365313,"type":"buy","price":1075,"amount":0.11828},{"tid":12857,"date":1384365356,"type":"buy","price":1075,"amount":0.15596668},{"tid":12858,"date":1384365463,"type":"buy","price":1098.98,"amount":0.05},{"tid":12859,"date":1384365567,"type":"buy","price":1098.993,"amount":1.4558},{"tid":12860,"date":1384365616,"type":"sell","price":1010,"amount":0.02},{"tid":12861,"date":1384365627,"type":"buy","price":1010,"amount":0.03705037},{"tid":12862,"date":1384365697,"type":"buy","price":1097,"amount":0.04557885},{"tid":12863,"date":1384365777,"type":"buy","price":1097,"amount":0.18497031},{"tid":12864,"date":1384366093,"type":"buy","price":1096.5,"amount":0.25},{"tid":12865,"date":1384366093,"type":"buy","price":1097,"amount":0.64090702},{"tid":12866,"date":1384366277,"type":"buy","price":1096.5,"amount":0.8316},{"tid":12867,"date":1384366277,"type":"buy","price":1097,"amount":3.63331869},{"tid":12868,"date":1384366306,"type":"sell","price":1079,"amount":0.03679102},{"tid":12869,"date":1384366678,"type":"buy","price":1097,"amount":0.53341841},{"tid":12870,"date":1384366801,"type":"sell","price":1079,"amount":0.10737369},{"tid":12871,"date":1384366883,"type":"buy","price":1097,"amount":0.17593437},{"tid":12872,"date":1384367102,"type":"buy","price":1097,"amount":0.77463993},{"tid":12873,"date":1384367183,"type":"buy","price":1097,"amount":0.13696445},{"tid":12874,"date":1384367231,"type":"buy","price":1097,"amount":0.05035552},{"tid":12875,"date":1384367424,"type":"buy","price":1097,"amount":0.01007049},{"tid":12876,"date":1384367437,"type":"buy","price":1097,"amount":0.17619794},{"tid":12877,"date":1384367625,"type":"buy","price":1097,"amount":0.0951},{"tid":12878,"date":1384368163,"type":"buy","price":1097,"amount":0.232},{"tid":12879,"date":1384368374,"type":"buy","price":1097,"amount":0.14311759},{"tid":12880,"date":1384368406,"type":"sell","price":1079,"amount":0.37307516},{"tid":12881,"date":1384368422,"type":"sell","price":1085,"amount":0.1},{"tid":12882,"date":1384368467,"type":"buy","price":1085,"amount":1.86740449},{"tid":12883,"date":1384368467,"type":"buy","price":1097,"amount":1.16742643},{"tid":12884,"date":1384368467,"type":"buy","price":1098.99,"amount":0.33192619},{"tid":12885,"date":1384368467,"type":"buy","price":1098.994,"amount":0.62857},{"tid":12886,"date":1384368467,"type":"buy","price":1100,"amount":0.021715},{"tid":12887,"date":1384368467,"type":"buy","price":1100,"amount":0.04027941},{"tid":12888,"date":1384368467,"type":"buy","price":1148.8999,"amount":0.8442},{"tid":12889,"date":1384368467,"type":"buy","price":1148.9,"amount":3.82768383},{"tid":12890,"date":1384368888,"type":"sell","price":1100,"amount":0.0997},{"tid":12891,"date":1384368939,"type":"buy","price":1148.9,"amount":0.04012534},{"tid":12892,"date":1384368970,"type":"buy","price":1148.9,"amount":0.4612673},{"tid":12893,"date":1384369674,"type":"buy","price":1148.89,"amount":0.05},{"tid":12894,"date":1384369674,"type":"buy","price":1148.9,"amount":3.78632213},{"tid":12895,"date":1384369918,"type":"buy","price":1145,"amount":0.09255834},{"tid":12896,"date":1384369927,"type":"buy","price":1145,"amount":0.10480349},{"tid":12897,"date":1384369964,"type":"buy","price":1145,"amount":0.01310044},{"tid":12898,"date":1384370846,"type":"buy","price":1145,"amount":0.15152838},{"tid":12899,"date":1384371419,"type":"buy","price":1145,"amount":0.53800935},{"tid":12900,"date":1384371419,"type":"buy","price":1145,"amount":0.04116096},{"tid":12901,"date":1384371562,"type":"buy","price":1145,"amount":0.45383904},{"tid":12902,"date":1384371562,"type":"buy","price":1145,"amount":0.21783736},{"tid":12903,"date":1384371562,"type":"buy","price":1145,"amount":0.230376},{"tid":12904,"date":1384371676,"type":"buy","price":1148.88,"amount":3.085},{"tid":12905,"date":1384371818,"type":"buy","price":1148.88,"amount":0.25241975},{"tid":12906,"date":1384371908,"type":"buy","price":1148.88,"amount":0.04177982},{"tid":12907,"date":1384372070,"type":"buy","price":1148.88,"amount":0.57},{"tid":12908,"date":1384372269,"type":"sell","price":1135,"amount":0.38},{"tid":12909,"date":1384372675,"type":"sell","price":1135,"amount":0.11138983},{"tid":12910,"date":1384372887,"type":"sell","price":1135,"amount":0.0994009},{"tid":12911,"date":1384373082,"type":"buy","price":1148.88,"amount":0.3941752},{"tid":12912,"date":1384373163,"type":"buy","price":1148.88,"amount":0.25672829},{"tid":12913,"date":1384373882,"type":"buy","price":1148.88,"amount":0.74819825},{"tid":12914,"date":1384374590,"type":"buy","price":1148.88,"amount":0.07923345},{"tid":12915,"date":1384374826,"type":"buy","price":1148.88,"amount":0.10357914},{"tid":12916,"date":1384374903,"type":"buy","price":1148.88,"amount":4.4688861},{"tid":12917,"date":1384375036,"type":"sell","price":1148.88,"amount":0.09636004},{"tid":12918,"date":1384375735,"type":"buy","price":1149,"amount":1},{"tid":12919,"date":1384375896,"type":"buy","price":1149,"amount":0.73023944},{"tid":12920,"date":1384376055,"type":"buy","price":1150,"amount":1.82608696},{"tid":12921,"date":1384376067,"type":"buy","price":1150,"amount":0.17391304},{"tid":12922,"date":1384376067,"type":"buy","price":1175,"amount":0.06920851},{"tid":12923,"date":1384376209,"type":"buy","price":1174,"amount":0.13024702},{"tid":12924,"date":1384376415,"type":"buy","price":1174,"amount":0.50352467},{"tid":12925,"date":1384376606,"type":"buy","price":1174,"amount":0.02824838},{"tid":12926,"date":1384377427,"type":"sell","price":1135,"amount":0.27017843},{"tid":12927,"date":1384377733,"type":"buy","price":1135,"amount":0.17621145},{"tid":12928,"date":1384379050,"type":"buy","price":1135,"amount":0.1},{"tid":12929,"date":1384379434,"type":"buy","price":1135,"amount":0.15418502},{"tid":12930,"date":1384379668,"type":"buy","price":1135,"amount":0.00691952},{"tid":12931,"date":1384379766,"type":"sell","price":1110.00001,"amount":0.0268},{"tid":12932,"date":1384380624,"type":"sell","price":1110.00001,"amount":0.7232},{"tid":12933,"date":1384380698,"type":"sell","price":1110,"amount":0.26280327},{"tid":12934,"date":1384381116,"type":"sell","price":1110,"amount":0.18765673},{"tid":12935,"date":1384381116,"type":"sell","price":1110,"amount":0.5},{"tid":12936,"date":1384381117,"type":"sell","price":1110,"amount":0.36},{"tid":12937,"date":1384381117,"type":"sell","price":1102.1,"amount":0.2833},{"tid":12938,"date":1384381117,"type":"sell","price":1100,"amount":0.86364328},{"tid":12939,"date":1384381349,"type":"sell","price":1100,"amount":0.00918257},{"tid":12940,"date":1384381627,"type":"sell","price":1100,"amount":0.92717415},{"tid":12941,"date":1384381627,"type":"sell","price":1100,"amount":0.67},{"tid":12942,"date":1384381703,"type":"buy","price":1135,"amount":0.232},{"tid":12943,"date":1384384315,"type":"sell","price":1100,"amount":0.1522913},{"tid":12944,"date":1384384443,"type":"buy","price":1100,"amount":0.088},{"tid":12945,"date":1384384482,"type":"buy","price":1100,"amount":1.1987},{"tid":12946,"date":1384385167,"type":"buy","price":1100,"amount":0.501},{"tid":12947,"date":1384385265,"type":"buy","price":1100,"amount":0.0123},{"tid":12948,"date":1384385265,"type":"buy","price":1130,"amount":0.03227434},{"tid":12949,"date":1384385942,"type":"sell","price":1090,"amount":0.01},{"tid":12950,"date":1384385943,"type":"sell","price":1080,"amount":0.0103},{"tid":12951,"date":1384385943,"type":"sell","price":1080,"amount":0.5},{"tid":12952,"date":1384385943,"type":"sell","price":1079,"amount":0.37504336},{"tid":12953,"date":1384386745,"type":"buy","price":1129.9,"amount":0.0206744},{"tid":12954,"date":1384389295,"type":"buy","price":1120,"amount":1.2},{"tid":12955,"date":1384389295,"type":"buy","price":1129.9,"amount":0.28937959},{"tid":12956,"date":1384389517,"type":"buy","price":1115,"amount":0.053},{"tid":12957,"date":1384389611,"type":"buy","price":1115,"amount":0.095},{"tid":12958,"date":1384389720,"type":"buy","price":1115,"amount":0.0575},{"tid":12959,"date":1384389794,"type":"buy","price":1115,"amount":0.0314},{"tid":12960,"date":1384390530,"type":"buy","price":1115,"amount":0.05},{"tid":12961,"date":1384390872,"type":"buy","price":1115,"amount":0.07174888},{"tid":12962,"date":1384391093,"type":"sell","price":1110,"amount":0.035},{"tid":12963,"date":1384391093,"type":"sell","price":1110,"amount":0.293},{"tid":12964,"date":1384391093,"type":"sell","price":1110,"amount":0.25},{"tid":12965,"date":1384391390,"type":"buy","price":1110,"amount":0.2},{"tid":12966,"date":1384391695,"type":"buy","price":1110,"amount":0.822},{"tid":12967,"date":1384391841,"type":"buy","price":1115,"amount":0.21323092},{"tid":12968,"date":1384392261,"type":"sell","price":1080.01,"amount":0.4},{"tid":12969,"date":1384393832,"type":"sell","price":1080.01,"amount":0.1},{"tid":12970,"date":1384393832,"type":"sell","price":1080.01,"amount":0.3},{"tid":12971,"date":1384393924,"type":"sell","price":1080,"amount":0.42126396},{"tid":12972,"date":1384393960,"type":"sell","price":1079,"amount":0.70061677},{"tid":12973,"date":1384394103,"type":"buy","price":1099,"amount":0.01361237},{"tid":12974,"date":1384394874,"type":"buy","price":1099,"amount":0.98638763},{"tid":12975,"date":1384394874,"type":"buy","price":1111,"amount":0.37361237},{"tid":12976,"date":1384395227,"type":"buy","price":1109,"amount":0.0309278},{"tid":12977,"date":1384398987,"type":"buy","price":1109,"amount":0.11320331},{"tid":12978,"date":1384399814,"type":"buy","price":1109,"amount":0.0135257},{"tid":12979,"date":1384401279,"type":"sell","price":1080,"amount":0.17497797},{"tid":12980,"date":1384407582,"type":"sell","price":1080,"amount":0.07502203},{"tid":12981,"date":1384407611,"type":"sell","price":1060,"amount":0.02},{"tid":12982,"date":1384407625,"type":"sell","price":1050,"amount":0.02},{"tid":12983,"date":1384407636,"type":"sell","price":1040,"amount":0.02},{"tid":12984,"date":1384407651,"type":"sell","price":1021.00001,"amount":0.13551987},{"tid":12985,"date":1384413115,"type":"buy","price":1109,"amount":0.15458972},{"tid":12986,"date":1384423436,"type":"sell","price":1021.00001,"amount":0.9048977},{"tid":12987,"date":1384423745,"type":"sell","price":1021,"amount":0.55},{"tid":12988,"date":1384423752,"type":"buy","price":1021.00001,"amount":0.0951023},{"tid":12989,"date":1384423752,"type":"buy","price":1109,"amount":0.00353521},{"tid":12990,"date":1384423762,"type":"sell","price":1020.00045,"amount":1.97},{"tid":12991,"date":1384423784,"type":"sell","price":1020,"amount":1.409},{"tid":12992,"date":1384423827,"type":"sell","price":1016,"amount":1.9672},{"tid":12993,"date":1384425655,"type":"buy","price":1109,"amount":0.26251577},{"tid":12994,"date":1384425912,"type":"buy","price":1109,"amount":0.92064923},{"tid":12995,"date":1384426057,"type":"buy","price":1109,"amount":0.407},{"tid":12996,"date":1384426753,"type":"buy","price":1109,"amount":0.09816952},{"tid":12997,"date":1384427040,"type":"buy","price":1109,"amount":0.17994},{"tid":12998,"date":1384427052,"type":"buy","price":1109,"amount":0.02},{"tid":12999,"date":1384428005,"type":"sell","price":1100.87,"amount":0.7},{"tid":13000,"date":1384428434,"type":"buy","price":1109,"amount":1.8e-7},{"tid":13001,"date":1384429239,"type":"buy","price":1109,"amount":0.13878269},{"tid":13002,"date":1384430724,"type":"buy","price":1109,"amount":0.03606853},{"tid":13003,"date":1384431076,"type":"buy","price":1109,"amount":1.62109234},{"tid":13004,"date":1384431076,"type":"buy","price":1109,"amount":0.83504094},{"tid":13005,"date":1384431089,"type":"buy","price":1111,"amount":0.61492259},{"tid":13006,"date":1384431766,"type":"buy","price":1110,"amount":0.45662162},{"tid":13007,"date":1384431978,"type":"buy","price":1110,"amount":1.14337838},{"tid":13008,"date":1384432027,"type":"buy","price":1135,"amount":0.06050558},{"tid":13009,"date":1384432055,"type":"buy","price":1150,"amount":0.165},{"tid":13010,"date":1384432055,"type":"buy","price":1173.99988,"amount":1.32409},{"tid":13011,"date":1384432055,"type":"buy","price":1173.99998,"amount":0.18065452},{"tid":13012,"date":1384432325,"type":"buy","price":1159.98,"amount":0.03448335},{"tid":13013,"date":1384432407,"type":"buy","price":1140,"amount":0.8},{"tid":13014,"date":1384432486,"type":"buy","price":1140,"amount":0.2},{"tid":13015,"date":1384432487,"type":"buy","price":1155,"amount":0.05465801},{"tid":13016,"date":1384432489,"type":"buy","price":1155,"amount":0.03019268},{"tid":13017,"date":1384432702,"type":"buy","price":1140,"amount":1.10775428},{"tid":13018,"date":1384432856,"type":"buy","price":1140,"amount":0.29224572},{"tid":13019,"date":1384432856,"type":"buy","price":1155,"amount":0.13332457},{"tid":13020,"date":1384433080,"type":"buy","price":1155,"amount":0.05},{"tid":13021,"date":1384433315,"type":"sell","price":1140,"amount":0.7},{"tid":13022,"date":1384433315,"type":"sell","price":1140,"amount":0.90186753},{"tid":13023,"date":1384433682,"type":"sell","price":1100,"amount":0.22671556},{"tid":13024,"date":1384433869,"type":"buy","price":1155,"amount":0.53182474},{"tid":13025,"date":1384433869,"type":"buy","price":1155,"amount":0.31172504},{"tid":13026,"date":1384433977,"type":"buy","price":1140,"amount":0.03474561},{"tid":13027,"date":1384433985,"type":"buy","price":1140,"amount":1.56525439},{"tid":13028,"date":1384433986,"type":"buy","price":1155,"amount":0.05255703},{"tid":13029,"date":1384433986,"type":"buy","price":1159.98,"amount":0.51889397},{"tid":13030,"date":1384434354,"type":"buy","price":1150,"amount":0.04173913},{"tid":13031,"date":1384434508,"type":"buy","price":1150,"amount":0.4236087},{"tid":13032,"date":1384435059,"type":"sell","price":1140,"amount":0.296},{"tid":13033,"date":1384435089,"type":"buy","price":1140,"amount":0.01},{"tid":13034,"date":1384435277,"type":"buy","price":1149.99999,"amount":0.1},{"tid":13035,"date":1384435307,"type":"sell","price":1149.99999,"amount":0.6034131},{"tid":13036,"date":1384435339,"type":"buy","price":1150,"amount":0.12521739},{"tid":13037,"date":1384435481,"type":"buy","price":1150,"amount":0.04008696},{"tid":13038,"date":1384435678,"type":"sell","price":1149.99999,"amount":0.05000303},{"tid":13039,"date":1384435860,"type":"sell","price":1149.99999,"amount":0.93658387},{"tid":13040,"date":1384436949,"type":"buy","price":1140,"amount":0.34144545},{"tid":13041,"date":1384437405,"type":"buy","price":1140,"amount":0.04435088},{"tid":13042,"date":1384437768,"type":"buy","price":1140,"amount":0.55612167},{"tid":13043,"date":1384437970,"type":"buy","price":1149,"amount":0.25},{"tid":13044,"date":1384437970,"type":"buy","price":1150,"amount":0.185},{"tid":13045,"date":1384438182,"type":"buy","price":1150,"amount":0.40695652},{"tid":13046,"date":1384438554,"type":"sell","price":1145.25,"amount":0.61465411},{"tid":13047,"date":1384439035,"type":"buy","price":1145.25,"amount":0.0742196},{"tid":13048,"date":1384439046,"type":"buy","price":1145.25,"amount":0.31112629},{"tid":13049,"date":1384439046,"type":"buy","price":1150,"amount":0.7103501},{"tid":13050,"date":1384439209,"type":"buy","price":1150,"amount":0.05035247},{"tid":13051,"date":1384439365,"type":"buy","price":1150,"amount":0.26167826},{"tid":13052,"date":1384439732,"type":"buy","price":1150,"amount":1.2086904},{"tid":13053,"date":1384439732,"type":"buy","price":1150,"amount":0.17868042},{"tid":13054,"date":1384439732,"type":"buy","price":1173.845,"amount":0.30823793},{"tid":13055,"date":1384439976,"type":"buy","price":1173.5,"amount":0.03928419},{"tid":13056,"date":1384440265,"type":"sell","price":1170,"amount":0.22904315},{"tid":13057,"date":1384440912,"type":"sell","price":1150,"amount":1.19064348},{"tid":13058,"date":1384440913,"type":"sell","price":1150,"amount":0.009},{"tid":13059,"date":1384442092,"type":"buy","price":1155,"amount":0.13229437},{"tid":13060,"date":1384442385,"type":"sell","price":1140,"amount":0.30107131},{"tid":13061,"date":1384442385,"type":"sell","price":1140,"amount":1.709},{"tid":13062,"date":1384442955,"type":"sell","price":1100,"amount":0.01},{"tid":13063,"date":1384443477,"type":"buy","price":1145,"amount":0.04017467},{"tid":13064,"date":1384444459,"type":"buy","price":1145,"amount":0.25426201},{"tid":13065,"date":1384444821,"type":"buy","price":1145,"amount":0.70556332},{"tid":13066,"date":1384444821,"type":"buy","price":1155,"amount":0.30227706},{"tid":13067,"date":1384444908,"type":"buy","price":1155,"amount":1.00704935},{"tid":13068,"date":1384445037,"type":"buy","price":1155,"amount":0.35837922},{"tid":13069,"date":1384445315,"type":"buy","price":1172.99,"amount":0.00916415},{"tid":13070,"date":1384445406,"type":"buy","price":1172.99,"amount":0.00852522},{"tid":13071,"date":1384445452,"type":"buy","price":1172.99,"amount":0.24819478},{"tid":13072,"date":1384445547,"type":"buy","price":1172.99,"amount":0.04030725},{"tid":13073,"date":1384446208,"type":"sell","price":1160,"amount":0.0869},{"tid":13074,"date":1384446210,"type":"buy","price":1172.99,"amount":0.20641267},{"tid":13075,"date":1384446471,"type":"buy","price":1172.99,"amount":0.00852522},{"tid":13076,"date":1384446821,"type":"sell","price":1170,"amount":1.60273317},{"tid":13077,"date":1384446833,"type":"sell","price":1170,"amount":0.04965},{"tid":13078,"date":1384446903,"type":"buy","price":1173,"amount":0.00852515},{"tid":13079,"date":1384447037,"type":"buy","price":1173,"amount":0.51747656},{"tid":13080,"date":1384447618,"type":"buy","price":1173,"amount":0.043},{"tid":13081,"date":1384447689,"type":"buy","price":1173,"amount":0.01023018},{"tid":13082,"date":1384447891,"type":"sell","price":1170,"amount":2},{"tid":13083,"date":1384447916,"type":"buy","price":1173,"amount":0.00852515},{"tid":13084,"date":1384447984,"type":"sell","price":1170,"amount":1.19685},{"tid":13085,"date":1384448027,"type":"buy","price":1173,"amount":2.08866155},{"tid":13086,"date":1384448155,"type":"buy","price":1173,"amount":0.86258141},{"tid":13087,"date":1384448155,"type":"buy","price":1173.44999,"amount":0.23834548},{"tid":13088,"date":1384448155,"type":"buy","price":1173.44999,"amount":0.09895},{"tid":13089,"date":1384448156,"type":"buy","price":1173.845,"amount":0.77548793},{"tid":13090,"date":1384448322,"type":"buy","price":1173.845,"amount":0.41500368},{"tid":13091,"date":1384448349,"type":"buy","price":1173.845,"amount":0.00915794},{"tid":13092,"date":1384448431,"type":"buy","price":1173.845,"amount":0.32232535},{"tid":13093,"date":1384448477,"type":"sell","price":1170,"amount":0.02367619},{"tid":13094,"date":1384448591,"type":"sell","price":1170,"amount":0.0400251},{"tid":13095,"date":1384448615,"type":"sell","price":1170,"amount":0.30128155},{"tid":13096,"date":1384448684,"type":"buy","price":1173.5,"amount":2.015},{"tid":13097,"date":1384448759,"type":"sell","price":1170,"amount":1.9612984},{"tid":13098,"date":1384448773,"type":"buy","price":1173.5,"amount":0.4292288},{"tid":13099,"date":1384449141,"type":"buy","price":1173.5,"amount":0.85276523},{"tid":13100,"date":1384449147,"type":"buy","price":1173.5,"amount":0.80563948},{"tid":13101,"date":1384449215,"type":"buy","price":1173.5,"amount":0.07935236},{"tid":13102,"date":1384449554,"type":"buy","price":1173.5,"amount":0.05573072},{"tid":13103,"date":1384449787,"type":"sell","price":1170,"amount":0.96},{"tid":13104,"date":1384449921,"type":"buy","price":1173.5,"amount":0.14401363},{"tid":13105,"date":1384449961,"type":"buy","price":1173.5,"amount":0.8327141},{"tid":13106,"date":1384449995,"type":"buy","price":1173.5,"amount":0.26246272},{"tid":13107,"date":1384450010,"type":"buy","price":1173.5,"amount":1},{"tid":13108,"date":1384450796,"type":"buy","price":1173,"amount":0.2},{"tid":13109,"date":1384450797,"type":"buy","price":1173,"amount":0.4},{"tid":13110,"date":1384450797,"type":"buy","price":1173.5,"amount":1.72231785},{"tid":13111,"date":1384450950,"type":"buy","price":1173.5,"amount":0.0655984},{"tid":13112,"date":1384451811,"type":"buy","price":1173.499,"amount":0.09},{"tid":13113,"date":1384451812,"type":"buy","price":1173.499,"amount":0.58216496},{"tid":13114,"date":1384451859,"type":"sell","price":1170,"amount":0.25},{"tid":13115,"date":1384451976,"type":"buy","price":1173.499,"amount":0.27348127},{"tid":13116,"date":1384452095,"type":"sell","price":1170,"amount":3.70221277},{"tid":13117,"date":1384452248,"type":"sell","price":1170,"amount":0.5},{"tid":13118,"date":1384452281,"type":"buy","price":1173.499,"amount":0.08104822},{"tid":13119,"date":1384452892,"type":"sell","price":1170,"amount":2.979},{"tid":13120,"date":1384453305,"type":"sell","price":1170,"amount":0.05225263},{"tid":13121,"date":1384453341,"type":"sell","price":1170,"amount":0.5},{"tid":13122,"date":1384453477,"type":"buy","price":1173.499,"amount":0.32913535},{"tid":13123,"date":1384454015,"type":"sell","price":1170,"amount":0.05992257},{"tid":13124,"date":1384454412,"type":"sell","price":1170,"amount":0.22845602},{"tid":13125,"date":1384454482,"type":"sell","price":1170,"amount":0.05830347},{"tid":13126,"date":1384454483,"type":"sell","price":1170,"amount":0.07072435},{"tid":13127,"date":1384454852,"type":"buy","price":1170,"amount":0.09566969},{"tid":13128,"date":1384455249,"type":"buy","price":1170,"amount":0.00030249},{"tid":13129,"date":1384455249,"type":"buy","price":1173.499,"amount":0.28954101},{"tid":13130,"date":1384455300,"type":"buy","price":1173.499,"amount":0.42469},{"tid":13131,"date":1384455390,"type":"buy","price":1173.499,"amount":0.16456767},{"tid":13132,"date":1384455991,"type":"buy","price":1170,"amount":0.04675},{"tid":13133,"date":1384456110,"type":"buy","price":1170,"amount":0.0000021},{"tid":13134,"date":1384456110,"type":"buy","price":1173.499,"amount":0.20803387},{"tid":13135,"date":1384456157,"type":"buy","price":1173.499,"amount":0.01},{"tid":13136,"date":1384457382,"type":"buy","price":1173.498,"amount":0.16978717},{"tid":13137,"date":1384457382,"type":"buy","price":1173.499,"amount":0.66293631},{"tid":13138,"date":1384458051,"type":"buy","price":1173.499,"amount":0.00884767},{"tid":13139,"date":1384459379,"type":"buy","price":1173,"amount":0.00054779},{"tid":13140,"date":1384459397,"type":"sell","price":1160,"amount":0.2731},{"tid":13141,"date":1384459912,"type":"sell","price":1150,"amount":0.5},{"tid":13142,"date":1384459913,"type":"sell","price":1150,"amount":0.005584},{"tid":13143,"date":1384460007,"type":"sell","price":1150,"amount":0.360016},{"tid":13144,"date":1384461378,"type":"buy","price":1145,"amount":0.5},{"tid":13145,"date":1384462562,"type":"sell","price":1131,"amount":0.012},{"tid":13146,"date":1384462643,"type":"sell","price":1131,"amount":0.26614185},{"tid":13147,"date":1384462643,"type":"sell","price":1129,"amount":0.02},{"tid":13148,"date":1384462644,"type":"sell","price":1102.01,"amount":0.4363},{"tid":13149,"date":1384462644,"type":"sell","price":1102,"amount":2},{"tid":13150,"date":1384462644,"type":"sell","price":1101,"amount":0.19},{"tid":13151,"date":1384462644,"type":"sell","price":1101,"amount":0.5},{"tid":13152,"date":1384462644,"type":"sell","price":1100,"amount":0.24928444},{"tid":13153,"date":1384462644,"type":"sell","price":1100,"amount":0.674},{"tid":13154,"date":1384462644,"type":"sell","price":1100,"amount":0.13636373},{"tid":13155,"date":1384462644,"type":"sell","price":1100,"amount":0.52790998},{"tid":13156,"date":1384463683,"type":"buy","price":1139.89,"amount":0.21},{"tid":13157,"date":1384464884,"type":"sell","price":1105.00001,"amount":0.165},{"tid":13158,"date":1384464884,"type":"sell","price":1105,"amount":0.03625676},{"tid":13159,"date":1384464902,"type":"buy","price":1131,"amount":0.10146303},{"tid":13160,"date":1384464945,"type":"buy","price":1131,"amount":0.26525199},{"tid":13161,"date":1384465247,"type":"sell","price":1105,"amount":0.03979},{"tid":13162,"date":1384466175,"type":"buy","price":1115,"amount":0.36695377},{"tid":13163,"date":1384466890,"type":"buy","price":1139.98,"amount":0.04380779},{"tid":13164,"date":1384469711,"type":"buy","price":1139.98,"amount":0.00877208},{"tid":13165,"date":1384471428,"type":"sell","price":1127,"amount":0.575},{"tid":13166,"date":1384471487,"type":"sell","price":1125,"amount":0.365},{"tid":13167,"date":1384471828,"type":"buy","price":1125,"amount":0.0637},{"tid":13168,"date":1384472019,"type":"buy","price":1139.96,"amount":0.02230446},{"tid":13169,"date":1384472256,"type":"buy","price":1139.96,"amount":0.25538615},{"tid":13170,"date":1384472337,"type":"buy","price":1139.96,"amount":0.23283287},{"tid":13171,"date":1384472944,"type":"buy","price":1139,"amount":0.04328348},{"tid":13172,"date":1384473165,"type":"sell","price":1119,"amount":0.08037002},{"tid":13173,"date":1384473709,"type":"sell","price":1119,"amount":0.02562776},{"tid":13174,"date":1384473810,"type":"buy","price":1139.96,"amount":0.68067301},{"tid":13175,"date":1384474062,"type":"buy","price":1139.96,"amount":0.02038668},{"tid":13176,"date":1384477955,"type":"buy","price":1138.9599,"amount":0.08340943},{"tid":13177,"date":1384478203,"type":"buy","price":1138.9599,"amount":0.00659057},{"tid":13178,"date":1384478351,"type":"buy","price":1139.96,"amount":0.372},{"tid":13179,"date":1384480729,"type":"buy","price":1139.96,"amount":0.0351456},{"tid":13180,"date":1384482390,"type":"buy","price":1139.96,"amount":0.04385577},{"tid":13181,"date":1384482742,"type":"sell","price":1119,"amount":0.06379275},{"tid":13182,"date":1384482841,"type":"buy","price":1139.96,"amount":0.10070499},{"tid":13183,"date":1384483149,"type":"buy","price":1139.96,"amount":0.06218148},{"tid":13184,"date":1384485452,"type":"buy","price":1139.96,"amount":0.0878101},{"tid":13185,"date":1384489412,"type":"sell","price":1119,"amount":0.96625058},{"tid":13186,"date":1384490836,"type":"buy","price":1115,"amount":0.024825},{"tid":13187,"date":1384491029,"type":"buy","price":1119,"amount":0.24274942},{"tid":13188,"date":1384514442,"type":"buy","price":1139.9,"amount":0.04148736},{"tid":13189,"date":1384514442,"type":"buy","price":1139.96,"amount":0.18252411},{"tid":13190,"date":1384514442,"type":"buy","price":1139.97,"amount":0.30232232},{"tid":13191,"date":1384515083,"type":"buy","price":1139.97,"amount":0.87097906},{"tid":13192,"date":1384515093,"type":"buy","price":1139.97,"amount":0.11509915},{"tid":13193,"date":1384515606,"type":"buy","price":1139.97,"amount":1.25},{"tid":13194,"date":1384516079,"type":"buy","price":1139.97,"amount":0.5},{"tid":13195,"date":1384517199,"type":"sell","price":1129.48,"amount":1.6},{"tid":13196,"date":1384518246,"type":"buy","price":1139.97,"amount":0.85721554},{"tid":13197,"date":1384518719,"type":"buy","price":1139.97,"amount":0.20263691},{"tid":13198,"date":1384519182,"type":"buy","price":1139.97,"amount":0.24912936},{"tid":13199,"date":1384519354,"type":"buy","price":1139.97,"amount":0.04},{"tid":13200,"date":1384519388,"type":"buy","price":1139.97,"amount":0.90020351},{"tid":13201,"date":1384519612,"type":"buy","price":1139.97,"amount":0.42733581},{"tid":13202,"date":1384520012,"type":"buy","price":1139.97,"amount":0.07482653},{"tid":13203,"date":1384520199,"type":"buy","price":1139.97,"amount":2.21025181},{"tid":13204,"date":1384520697,"type":"buy","price":1130,"amount":0.00087618},{"tid":13205,"date":1384520827,"type":"buy","price":1149.99,"amount":0.04860912},{"tid":13206,"date":1384521106,"type":"buy","price":1149.99,"amount":0.85599194},{"tid":13207,"date":1384521330,"type":"buy","price":1149.99,"amount":0.30852442},{"tid":13208,"date":1384521742,"type":"buy","price":1149.9999,"amount":0.34782612},{"tid":13209,"date":1384522443,"type":"buy","price":1149.9999,"amount":0.2184},{"tid":13210,"date":1384522484,"type":"buy","price":1149.9999,"amount":0.08695653},{"tid":13211,"date":1384523485,"type":"buy","price":1149.9999,"amount":0.91931312},{"tid":13212,"date":1384523504,"type":"buy","price":1149.9999,"amount":0.01565218},{"tid":13213,"date":1384524073,"type":"buy","price":1149.9999,"amount":0.59406092},{"tid":13214,"date":1384524456,"type":"buy","price":1149.9999,"amount":1.008},{"tid":13215,"date":1384524500,"type":"buy","price":1149.9999,"amount":1.10775428},{"tid":13216,"date":1384526502,"type":"buy","price":1149.74,"amount":0.1122},{"tid":13217,"date":1384526835,"type":"buy","price":1149.74,"amount":0.04435785},{"tid":13218,"date":1384526896,"type":"buy","price":1149.74,"amount":0.04435785},{"tid":13219,"date":1384527538,"type":"sell","price":1145,"amount":0.03289834},{"tid":13220,"date":1384528108,"type":"buy","price":1145,"amount":0.03710166},{"tid":13221,"date":1384529851,"type":"buy","price":1149.74,"amount":0.9053},{"tid":13222,"date":1384529910,"type":"buy","price":1149.74,"amount":0.44879712},{"tid":13223,"date":1384529976,"type":"buy","price":1149.74,"amount":0.1601},{"tid":13224,"date":1384530193,"type":"buy","price":1149.74,"amount":0.28488718},{"tid":13225,"date":1384530293,"type":"buy","price":1149.9999,"amount":0.70203685},{"tid":13226,"date":1384530454,"type":"buy","price":1150,"amount":0.01117934},{"tid":13227,"date":1384530563,"type":"buy","price":1150,"amount":0.01117934},{"tid":13228,"date":1384530657,"type":"buy","price":1150,"amount":0.19274143},{"tid":13229,"date":1384530657,"type":"buy","price":1150,"amount":5},{"tid":13230,"date":1384530838,"type":"buy","price":1169.99,"amount":0.19827832},{"tid":13231,"date":1384530929,"type":"buy","price":1169.99,"amount":1.00704935},{"tid":13232,"date":1384532774,"type":"buy","price":1169.87999,"amount":0.48571}]